% MCNP
@manual{mcnp5-theory,
	title = {{MCNP - A General Monte Carlo N-Particle Transport Code, Version 5: Volume I: Overview and Theory}},
	author = {{X-5 Monte Carlo Team}},
	organization = {Los Alamos National Laboratory},
	edition = {Version 5}, 
	month = {February},
	year = 2008
}
